<record xmlns="http://www.loc.gov/MARC21/slim" xmlns:xsi="http://www.w3.org/2001/XMLSchema-instance" xsi:schemaLocation="http://www.loc.gov/MARC21/slim http://www.loc.gov/standards/marcxml/schema/MARC21slim.xsd"><leader>02531nam a2200481   4500</leader><controlfield tag="001">3058920</controlfield><controlfield tag="003">NNC</controlfield><controlfield tag="006">m        d        </controlfield><controlfield tag="007">cr cn |||m|||a</controlfield><controlfield tag="008">150223s1947    ua acf  obm   001 0 araod</controlfield><datafield ind1=" " ind2=" " tag="040"><subfield code="a">NNU</subfield><subfield code="b">eng</subfield><subfield code="e">rda</subfield><subfield code="c">NNU</subfield></datafield><datafield ind1=" " ind2="4" tag="050"><subfield code="a">BP195.M6</subfield><subfield code="b">J37</subfield></datafield><datafield ind1="1" ind2=" " tag="100"><subfield code="6">880-01</subfield><subfield code="a">Ja&#772;r Alla&#772;h, Zuhdi&#772;.</subfield></datafield><datafield ind1="1" ind2="3" tag="245"><subfield code="6">880-02</subfield><subfield code="a">al-Mu&#699;tazilah :</subfield><subfield code="b">risa&#772;lah tabh&#803;ath fi&#772; ta&#772;ri&#772;kh al-Mu&#699;tazilah wa-&#699;aqa&#772;&#699;idihim wa-atharihim fi&#772; tat&#803;awwur al-fikr al-isla&#772;mi&#772; /</subfield><subfield code="c">ta&#700;lif Zuhdi&#772; H&#803;asan Ja&#772;r Alla&#772;h.</subfield></datafield><datafield ind1=" " ind2=" " tag="250"><subfield code="6">880-03</subfield><subfield code="a">al-T&#803;ab&#699;ah 1.</subfield></datafield><datafield ind1=" " ind2=" " tag="260"><subfield code="6">880-04</subfield><subfield code="a">al-Qa&#772;hirah :</subfield><subfield code="b">Mat&#803;ba&#699;at Mis&#803;r,</subfield><subfield code="c">1947.</subfield></datafield><datafield ind1=" " ind2=" " tag="300"><subfield code="a">online resource (3-12, 292 pages, [1] leaf of plates) :</subfield><subfield code="b">portrait</subfield></datafield><datafield ind1=" " ind2=" " tag="336"><subfield code="a">text</subfield><subfield code="2">rdacontent</subfield></datafield><datafield ind1=" " ind2=" " tag="337"><subfield code="a">computer</subfield><subfield code="2">rdamedia</subfield></datafield><datafield ind1=" " ind2=" " tag="338"><subfield code="a">online resource</subfield><subfield code="2">rdacarrier</subfield></datafield><datafield ind1="1" ind2=" " tag="490"><subfield code="6">880-05</subfield><subfield code="a">Manshu&#772;ra&#772;t al-Na&#772;di&#772; al-&#699;Arabi&#772; fi&#772; Ya&#772;fa&#772;</subfield></datafield><datafield ind1=" " ind2=" " tag="500"><subfield code="a">Part of the Arabic Collections Online (ACO) project, contributed by Columbia University Libraries.</subfield></datafield><datafield ind1=" " ind2=" " tag="502"><subfield code="c">American University of Beirut</subfield></datafield><datafield ind1=" " ind2=" " tag="504"><subfield code="a">Includes bibliographical references (pages 269-277) and index.</subfield></datafield><datafield ind1=" " ind2=" " tag="533"><subfield code="a">Electronic reproduction.</subfield><subfield code="b">New York, N.Y. :</subfield><subfield code="c">New York University,</subfield><subfield code="d">2015.</subfield><subfield code="5">NNU</subfield></datafield><datafield ind1=" " ind2="0" tag="650"><subfield code="a">Motazilites.</subfield></datafield><datafield ind1=" " ind2="0" tag="650"><subfield code="a">Islamic sects.</subfield></datafield><datafield ind1=" " ind2="7" tag="650"><subfield code="a">Islamic sects.</subfield><subfield code="2">fast</subfield><subfield code="0">(OCoLC)fst00980055</subfield></datafield><datafield ind1=" " ind2="7" tag="650"><subfield code="a">Motazilites.</subfield><subfield code="2">fast</subfield><subfield code="0">(OCoLC)fst01026830</subfield></datafield><datafield ind1="2" ind2=" " tag="710"><subfield code="a">Columbia University.</subfield><subfield code="b">Libraries.</subfield></datafield><datafield ind1="0" ind2=" " tag="730"><subfield code="a">Arabic Collections Online.</subfield></datafield><datafield ind1="0" ind2="8" tag="776"><subfield code="i">Online version:</subfield><subfield code="a">Ja&#772;r Alla&#772;h, Zuhdi&#772;.</subfield><subfield code="t">Mu&#699;tazilah.</subfield><subfield code="b">al-T&#803;ab&#699;ah 1.</subfield><subfield code="d">al-Qa&#772;hirah : Mat&#803;ba&#699;at Mis&#803;r, 1947</subfield><subfield code="w">(OCoLC)609862333</subfield></datafield><datafield ind1="0" ind2="8" tag="776"><subfield code="i">Print version:</subfield><subfield code="a">Ja&#772;r Alla&#772;h, Zuhdi&#772;.</subfield><subfield code="t">al-Mu&#699;tazilah</subfield><subfield code="w">(NNC)3058920</subfield><subfield code="w">(DLC)ne 68002904 </subfield><subfield code="w">(OCoLC)27659366</subfield></datafield><datafield ind1=" " ind2="0" tag="830"><subfield code="6">880-06</subfield><subfield code="a">Manshu&#772;ra&#772;t al-Na&#772;di&#772; al-&#699;Arabi&#772; fi&#772; Ya&#772;fa&#772;.</subfield></datafield><datafield ind1="4" ind2="0" tag="856"><subfield code="u">http://hdl.handle.net/2333.1/m37pvp66</subfield></datafield><datafield ind1="1" ind2=" " tag="880"><subfield code="6">100-01/r</subfield><subfield code="a">&#1580;&#1575;&#1585; &#1575;&#1604;&#1604;&#1607;&#1548; &#1586;&#1607;&#1583;&#1610;.</subfield></datafield><datafield ind1="1" ind2="2" tag="880"><subfield code="6">245-02/r</subfield><subfield code="a">&#1575;&#1604;&#1605;&#1593;&#1578;&#1586;&#1604;&#1577; :</subfield><subfield code="b">&#1585;&#1587;&#1575;&#1604;&#1577; &#1578;&#1576;&#1581;&#1579; &#1601;&#1610; &#1578;&#1575;&#1585;&#1610;&#1582; &#1575;&#1604;&#1605;&#1593;&#1578;&#1586;&#1604;&#1577; &#1608;&#1593;&#1602;&#1575;&#1574;&#1583;&#1607;&#1605; &#1608;&#1571;&#1579;&#1585;&#1607;&#1605; &#1601;&#1610; &#1578;&#1591;&#1608;&#1585; &#1575;&#1604;&#1601;&#1603;&#1585; &#1575;&#1604;&#1573;&#1587;&#1604;&#1575;&#1605;&#1610; /</subfield><subfield code="c">&#1578;&#1571;&#1604;&#1610;&#1601; &#1586;&#1607;&#1583;&#1610; &#1580;&#1575;&#1585; &#1575;&#1604;&#1604;&#1607;.</subfield></datafield><datafield ind1=" " ind2=" " tag="880"><subfield code="6">250-03/r</subfield><subfield code="a">&#1575;&#1604;&#1591;&#1576;&#1593;&#1577; 1.</subfield></datafield><datafield ind1=" " ind2=" " tag="880"><subfield code="6">260-04/r</subfield><subfield code="a">&#1575;&#1604;&#1602;&#1575;&#1607;&#1585;&#1577; :</subfield><subfield code="b">&#1605;&#1591;&#1576;&#1593;&#1577; &#1605;&#1589;&#1585;&#1548;</subfield><subfield code="c">1947.</subfield></datafield><datafield ind1="1" ind2=" " tag="880"><subfield code="6">490-05/r</subfield><subfield code="a">&#1605;&#1606;&#1588;&#1608;&#1585;&#1575;&#1578; &#1575;&#1604;&#1606;&#1575;&#1583;&#1610; &#1575;&#1604;&#1593;&#1585;&#1576;&#1610; &#1601;&#1610; &#1610;&#1575;&#1601;&#1575;</subfield></datafield><datafield ind1=" " ind2="0" tag="880"><subfield code="6">830-06/r</subfield><subfield code="a">&#1605;&#1606;&#1588;&#1608;&#1585;&#1575;&#1578; &#1575;&#1604;&#1606;&#1575;&#1583;&#1610; &#1575;&#1604;&#1593;&#1585;&#1576;&#1610; &#1601;&#1610; &#1610;&#1575;&#1601;&#1575;.</subfield></datafield><datafield ind1=" " ind2=" " tag="959"><subfield code="a">NNU</subfield><subfield code="b">WEB</subfield><subfield code="c">GENI</subfield><subfield code="t">0</subfield><subfield code="m">Electronic access</subfield><subfield code="s">01</subfield></datafield><datafield ind1=" " ind2=" " tag="999"><subfield code="i">NNC_3058920</subfield><subfield code="o">(OCoLC)27659366</subfield><subfield code="s">columbia_aco000108</subfield></datafield></record>